%--- COMMENTS may be placed outside the @ENTRYTYPE{ ... } stuctures
%--- CMS guidelines
%---- All URLs for CMS notes, ANs, etc, should refer to the CDS server, not the CMS server. Use our standard format for them, as shown below.
%---- If a collaboration is referenced by the collaboration name, it should be listed in the AUTHOR field. If by a first author + "and others", the collaboration name must be listed in the COLLABORATION field.
%----   We use the collaboration in preference to the author field, but most journals will list both, so include both.
%---- Number of authors to list:
%----   PRL requests that we include all authors up to fifteen except for large collaborations, and we take this as our internal guide as well.
%----   The individual journal bib style file (theirs, ours, PLB, etc.) will truncate at the appropriate point. We have ours set to _3_ as
%----   a reminder to list the appropriate number. For large collaborations, just use first author + "and others".
%---- Use only the URL field instead of embedding an href (this is a change in our practice).
%---- A reference only published on the arXiv should be listed as UNPUBLISHED (with a note "Submitted to XXX" for CMS papers).
%---- Some journals will lowercase the title: use {} to protect words which must be capitalized, e.g., {LHC}, {TeV}, {CERN}, {CMS}. Do not escape the entire title as it will then clash with the journal style.
%---- Journal names: the journals generally include the series in the journal name, "Physical Review D", vol 5, rather than PR D5
%
% We cite notes hosted in a CDS collection as if they are in a journal. This may be changed to a TECHREPORT.
%

@article{Chatrchyan:2012ufa,
     author        = "Chatrchyan, Serguei and others",
     title         = "{Observation of a new boson at a mass of 125 GeV with the CMS experiment at the LHC}",
     collaboration = "CMS",
     journal       = "Phys. Lett. B",
     volume        = "716",
     pages         = "30",
     doi           = "10.1016/j.physletb.2012.08.021",
     year          = "2012",
     eprint        = "1207.7235",
     archivePrefix = "arXiv",
     primaryClass  = "hep-ex",
     reportNumber  = "CMS-HIG-12-028, CERN-PH-EP-2012-220",
     SLACcitation  = "%%CITATION = ARXIV:1207.7235;%%",
}

@article{Aad:2012tfa,
     author        = "Aad, Georges and others",
     title         = "{Observation of a new particle in the search for the Standard Model Higgs boson with the ATLAS detector at the LHC}",
     collaboration = "ATLAS",
     journal       = "Phys. Lett. B",
     volume        = "716",
     pages         = "1",
     doi           = "10.1016/j.physletb.2012.08.020",
     year          = "2012",
     eprint        = "1207.7214",
     archivePrefix = "arXiv",
     primaryClass  = "hep-ex",
     reportNumber  = "CERN-PH-EP-2012-218",
     SLACcitation  = "%%CITATION = ARXIV:1207.7214;%%",
}

@article{Chatrchyan:2009hb,
     author        = "Chatrchyan, Serguei and others",
     collaboration = "CMS",
     title         = "{Commissioning of the {CMS} Experiment and the Cosmic Run at Four {Tesla}}",
     journal       = "JINST",
     volume        = "5",
     year          = "2010",
     pages         = "T03001",
     doi           = "10.1088/1748-0221/5/03/T03001",
     SLACcitation  = "%%CITATION = 0911.4845;%%"   
}

@article{Evans:2008zzb,
     author        = "Evans, Lyndon and Bryant, Philip",
     title         = "{LHC Machine}",
     journal       = "JINST",
     volume        = "3",
     pages         = "S08001",
     doi           = "10.1088/1748-0221/3/08/S08001",
     year          = "2008",
     SLACcitation  = "%%CITATION = JINST,3,S08001;%%",
}

@article{Chatrchyan:2008aa,
     author        = "Chatrchyan, S. and others",
     title         = "{The CMS experiment at the CERN LHC}",
     collaboration = "CMS",
     journal       = "JINST",
     volume        = "3",
     pages         = "S08004",
     doi           = "10.1088/1748-0221/3/08/S08004",
     year          = "2008",
     SLACcitation  = "%%CITATION = JINST,3,S08004;%%",
}

@article{CMS-PAS-MUO-10-002,
     author        = "{CMS Collaboration}",
     title         = "{Performance of muon identification in $\Pp \Pp$ collisions at $\sqrt{s} = 7\TeV$}",
     collaboration = "CMS",
     journal       = "CMS Physics Analysis Summary",
     url           = "http://cds.cern.ch/record/1279140",
     volume        = "CMS-PAS-MUO-10-002",
     year          = "2010",
     reportNumber  = "CMS-PAS-MUO-10-002",
}

@article{Chatrchyan:2012xi,
     author        = "Chatrchyan, Serguei and others",
     title         = "{Performance of CMS muon reconstruction in $\Pp \Pp$ collision events at $\sqrt{s} = 7\TeV$}",
     collaboration = "CMS",
     journal       = "JINST",
     volume        = "7",
     pages         = "P10002",
     doi           = "10.1088/1748-0221/7/10/P10002",
     year          = "2012",
     eprint        = "1206.4071v2",
     archivePrefix = "arXiv",
     primaryClass  = "physics.ins-det",
     reportNumber  = "CMS-MUO-10-004, CERN-PH-EP-2012-173",
     SLACcitation  = "%%CITATION = ARXIV:1206.4071;%%",
}

@article{Djouadi:2002ze,
     author        = "Djouadi, Abdelhak and Kneur, Jean-Loic and Moultaka, Gilbert",
     title         = "{SuSpect: A Fortran code for the supersymmetric and Higgs particle spectrum in the MSSM}",
     journal       = "Comput. Phys. Commun.",
     volume        = "176",
     pages         = "426",
     doi           = "10.1016/j.cpc.2006.11.009",
     year          = "2007",
     eprint        = "hep-ph/0211331v2",
     archivePrefix = "arXiv",
     primaryClass  = "hep-ph",
     reportNumber  = "PM-02-39, CERN-TH-2002-325",
     SLACcitation  = "%%CITATION = HEP-PH/0211331;%%",
}

@article{Skands:2003cj,
     author        = "Skands, Peter Z. and Allanach, B.C. and Baer, H. and Balazs, C. and Belanger, G. and others",
     title         = "{SUSY Les Houches accord: Interfacing SUSY spectrum calculators, decay packages, and event generators}",
     journal       = "JHEP",
     volume        = "07",
     pages         = "036",
     doi           = "10.1088/1126-6708/2004/07/036",
     year          = "2004",
     eprint        = "hep-ph/0311123v4",
     archivePrefix = "arXiv",
     primaryClass  = "hep-ph",
     reportNumber  = "LU-TP-03-39, SHEP-03-24, CERN-TH-2003-204, ZU-TH-15-03, LMU-19-03, DCPT-03-108, IPPP-03-54, CTS-IISC-2003-07, DESY-03-166, MPP-2003-111",
     SLACcitation  = "%%CITATION = HEP-PH/0311123;%%",
}

@article{Alwall:2006yp,
     author        = "Alwall, Johan and Ballestrero, A. and Bartalini, P. and Belov, S. and Boos, E. and others",
     title         = "{A Standard format for Les Houches event files}",
     journal       = "Comput. Phys. Commun.",
     volume        = "176",
     pages         = "300",
     doi           = "10.1016/j.cpc.2006.11.010",
     year          = "2007",
     eprint        = "hep-ph/0609017v1",
     archivePrefix = "arXiv",
     primaryClass  = "hep-ph",
     reportNumber  = "FERMILAB-PUB-06-337-T, CERN-LCGAPP-2006-03",
     SLACcitation  = "%%CITATION = HEP-PH/0609017;%%",
}

@article{Agostinelli:2002hh,
     author        = "Agostinelli, S. and others",
     title         = "{{GEANT4}---a simulation toolkit}",
     collaboration = "GEANT4",
     journal       = "Nucl. Instrum. Meth. A",
     volume        = "506",
     year          = "2003",
     pages         = "250",
     doi           = "10.1016/S0168-9002(03)01368-8",
     SLACcitation  = "%%CITATION = NUIMA,A506,250;%%"
}

@article{Abdullin:2011zz,
      author         = "Abdullin, S. and Azzi, P. and Beaudette, F. and Janot, P. and Perrotta, A.",
      title          = "{The fast simulation of the CMS detector at LHC}",
      collaboration  = "CMS",
      journal        = "J. Phys. Conf. Ser.",
      volume         = "331",
      pages          = "032049",
      doi            = "10.1088/1742-6596/331/3/032049",
      year           = "2011",
      SLACcitation   = "%%CITATION = 00462,331,032049;%%",
}

@article{Kretzer:2003it,
     author        = "Kretzer, S. and Lai, H. L. and Olness, F. I. and Tung,  W. K.",
     title         = "{CTEQ6 parton distributions with heavy quark mass effects}",
     journal       = "Phys. Rev. D",
     volume        = "69",
     pages         = "114005",
     doi           = "10.1103/PhysRevD.69.114005",
     year          = "2004",
     eprint        = "hep-ph/0307022v1",
     archivePrefix = "arXiv",
     primaryClass  = "hep-ph",
     reportNumber  = "MSU-HEP-030101, BNL-NT-03-2, RBRC-325",
     SLACcitation  = "%%CITATION = HEP-PH/0307022;%%",
}

@article{Nadolsky:2008zw,
     author        = "Nadolsky, Pavel M. and Lai, Hung-Liang and Cao, Qing-Hong and Huston, Joey and Pumplin, Jon and others",
     title         = "{Implications of CTEQ global analysis for collider observables}",
     journal       = "Phys. Rev. D",
     volume        = "78",
     pages         = "013004",
     doi           = "10.1103/PhysRevD.78.013004",
     year          = "2008",
     eprint        = "0802.0007v3",
     archivePrefix = "arXiv",
     primaryClass  = "hep-ph",
     reportNumber  = "MSUHEP-080125, UCRHEP-T447",
     SLACcitation  = "%%CITATION = ARXIV:0802.0007;%%",
}

@article{Alwall:2011uj,
     author        = "Alwall, Johan and Herquet, Michel and Maltoni, Fabio and Mattelaer, Olivier and Stelzer, Tim",
     title         = "{MadGraph 5 : Going Beyond}",
     journal       = "JHEP",
     volume        = "06",
     pages         = "128",
     doi           = "10.1007/JHEP06(2011)128",
     year          = "2011",
     eprint        = "1106.0522v1",
     archivePrefix = "arXiv",
     primaryClass  = "hep-ph",
     reportNumber  = "FERMILAB-PUB-11-448-T",
     SLACcitation  = "%%CITATION = ARXIV:1106.0522;%%",
}

@article{Maltoni:2002qb,
     author        = "Maltoni, F. and Stelzer, T.",
     title         = "{{MadEvent}: Automatic event generation with {MadGraph}}",
     journal       = "JHEP",
     volume        = "02",
     year          = "2003",
     eprint        = "hep-ph/0208156v1",
     archivePrefix = "arXiv",
     pages         = "027",
     doi           = "10.1088/1126-6708/2003/02/027",
     SLACcitation  = "%%CITATION = HEP-PH/0208156;%%"
}

@article{Sjostrand:2006za,
     author        = "Sjostrand, Torbjorn and Mrenna, Stephen and Skands, Peter Z.",
     title         = "{PYTHIA 6.4 Physics and Manual}",
     journal       = "JHEP",
     volume        = "05",
     pages         = "026",
     doi           = "10.1088/1126-6708/2006/05/026",
     year          = "2006",
     eprint        = "hep-ph/0603175v2",
     archivePrefix = "arXiv",
     primaryClass  = "hep-ph",
     reportNumber  = "FERMILAB-PUB-06-052-CD-T, LU-TP-06-13",
     SLACcitation  = "%%CITATION = HEP-PH/0603175;%%",
}

@article{Sjostrand:2007gs,
     author        = "Sj{\"o}strand, T. and Mrenna, S. and Skands, P. Z.",
     title         = "{A brief introduction to {PYTHIA} 8.1}",
     journal       = "Comput. Phys. Commun.",
     volume        = "178",
     year          = "2008",
     eprint        = "0710.3820v1",
     archivePrefix = "arXiv",
     pages         = "852",
     doi           = "10.1016/j.cpc.2008.01.036",
     SLACcitation  = "%%CITATION = 0710.3820;%%"
}

@article{Frixione:2007vw,
     author        = "Frixione, Stefano and Nason, Paolo and Oleari, Carlo",
     title         = "{Matching NLO QCD computations with Parton Shower simulations: the POWHEG method}",
     journal       = "JHEP",
     volume        = "11",
     pages         = "070",
     doi           = "10.1088/1126-6708/2007/11/070",
     year          = "2007",
     eprint        = "0709.2092v1",
     archivePrefix = "arXiv",
     primaryClass  = "hep-ph",
     reportNumber  = "BICOCCA-FT-07-9, GEF-TH-21-2007",
     SLACcitation  = "%%CITATION = ARXIV:0709.2092;%%",
}

@article{Meade:2007js,
     author        = "Meade, Patrick and Reece, Matthew",
     title         = "{BRIDGE: Branching ratio inquiry/decay generated events}",
     year          = "2007",
     eprint        = "hep-ph/0703031",
     archivePrefix = "arXiv",
     primaryClass  = "hep-ph",
     SLACcitation  = "%%CITATION = HEP-PH/0703031;%%",
}

@manual{Beenakker:1996ed,
     author        = "Beenakker, W. and H{\"o}pker, R. and Spira, M.",
     title         = "{PROSPINO: A program for the production of supersymmetric particles in next-to-leading order QCD}",
     year          = "1996",
     eprint        = "hep-ph/9611232v1",
     archivePrefix = "arXiv",
     primaryClass  = "hep-ph",
     SLACcitation  = "%%CITATION = HEP-PH/9611232;%%",
}

@article{Kramer:2012bx,
     author        = "Kramer, Michael and Kulesza, Anna and van der Leeuw,  Robin and Mangano, Michelangelo and Padhi, Sanjay and  others",
     title         = "{Supersymmetry production cross sections in $\Pp \Pp$ collisions at $\sqrt{s} = 7\TeV$}",
     year          = "2012",
     eprint        = "1206.2892v1",
     archivePrefix = "arXiv",
     primaryClass  = "hep-ph",
     reportNumber  = "CERN-PH-TH-2012-163",
     SLACcitation  = "%%CITATION = ARXIV:1206.2892;%%",
}

@article{Beenakker:1996ch,
     author        = "Beenakker, W. and H{\"o}pker, R. and Spira, M. and Zerwas, P. M.",
     title         = "{Squark and gluino production at hadron colliders}",
     journal       = "Nucl. Phys. B",
     volume        = "492",
     pages         = "51",
     doi           = "10.1016/S0550-3213(97)80027-2",
     year          = "1997",
     eprint        = "hep-ph/9610490v1",
     archivePrefix = "arXiv",
     primaryClass  = "hep-ph",
     reportNumber  = "DESY-96-150, CERN-TH-96-215",
     SLACcitation  = "%%CITATION = HEP-PH/9610490;%%",
}

@article{Kulesza:2008jb,
     author        = "Kulesza, A. and Motyka, L.",
     title         = "{Threshold resummation for squark-antisquark and gluino-pair production at the LHC}",
     journal       = "Phys. Rev. Lett.",
     volume        = "102",
     pages         = "111802",
     doi           = "10.1103/PhysRevLett.102.111802",
     year          = "2009",
     eprint        = "0807.2405v1",
     archivePrefix = "arXiv",
     primaryClass  = "hep-ph",
     reportNumber  = "DESY-08-096",
     SLACcitation  = "%%CITATION = ARXIV:0807.2405;%%",
}

@article{Kulesza:2009kq,
     author        = "Kulesza, A. and Motyka, L.",
     title         = "{Soft gluon resummation for the production of gluino-gluino and squark-antisquark pairs at the LHC}",
     journal       = "Phys. Rev. D",
     volume        = "80",
     pages         = "095004",
     doi           = "10.1103/PhysRevD.80.095004",
     year          = "2009",
     eprint        = "0905.4749v1",
     archivePrefix = "arXiv",
     primaryClass  = "hep-ph",
     reportNumber  = "DESY-09-078, PITHA-09-11",
     SLACcitation  = "%%CITATION = ARXIV:0905.4749;%%",
}

@article{Beenakker:2009ha,
     author        = "Beenakker, Wim and Brensing, Silja and Kr{\"a}mer, Michael and Kulesza, Anna and Laenen, Eric and Niessen, Irene",
     title         = "{Soft-gluon resummation for squark and gluino hadroproduction}",
     journal       = "JHEP",
     volume        = "12",
     pages         = "041",
     doi           = "10.1088/1126-6708/2009/12/041",
     year          = "2009",
     eprint        = "0909.4418v1",
     archivePrefix = "arXiv",
     primaryClass  = "hep-ph",
     reportNumber  = "ITP-UU-09-33, NIKHEF-2009-015",
     SLACcitation  = "%%CITATION = ARXIV:0909.4418;%%",
}

@article{Beenakker:2011fu,
     author        = "Beenakker, Wim and Brensing, Silja and Kr{\"a}mer, Micahael and Kulesza, Anna and Laenen, Eric and Motyka, Leszek and Niessen, Irene",
     title         = "{Squark and gluino hadroproduction}",
     journal       = "Int. J. Mod. Phys. A",
     volume        = "26",
     pages         = "2637",
     doi           = "10.1142/S0217751X11053560",
     year          = "2011",
     eprint        = "1105.1110v1",
     archivePrefix = "arXiv",
     primaryClass  = "hep-ph",
     reportNumber  = "DESY-11-060, ITFA-11-09, ITP-UU-11-13, NIKHEF-2011-011, TTK-11-12",
     SLACcitation  = "%%CITATION = ARXIV:1105.1110;%%",
}

@article{Fuks:2012qx,
     author        = "Fuks, Benjamin and Klasen, Michael and Lamprea, David R. and Rothering, Marcel",
     title         = "{Gaugino production in proton-proton collisions at a center-of-mass energy of 8 TeV}",
     journal       = "JHEP",
     volume        = "1210",
     pages         = "081",
     doi           = "10.1007/JHEP10(2012)081",
     year          = "2012",
     eprint        = "1207.2159v2",
     archivePrefix = "arXiv",
     primaryClass  = "hep-ph",
     reportNumber  = "IPHC-PHENO-12-07, MS-TP-12-05",
     SLACcitation  = "%%CITATION = ARXIV:1207.2159;%%",
}

@article{Fuks:2013vua,
     author        = "Fuks, Benjamin and Klasen, Michael and Lamprea, David R. and Rothering, Marcel",
     title         = "{Precision predictions for electroweak superpartner production at hadron colliders with Resummino}",
     journal       = "Eur. Phys. J. C",
     volume        = "73",
     pages         = "2480",
     doi           = "10.1140/epjc/s10052-013-2480-0",
     year          = "2013",
     eprint        = "1304.0790v2",
     archivePrefix = "arXiv",
     primaryClass  = "hep-ph",
     reportNumber  = "CERN-PH-TH-2013-064, IPHC-PHENO-13-02, MS-TP-13-06",
     SLACcitation  = "%%CITATION = ARXIV:1304.0790;%%",
}

@article{Junk:1999kv,
     author        = "Junk, Thomas",
     title         = "{Confidence Level Computation for Combining Searches with Small Statistics}",
     journal       = "Nucl. Instrum. Meth. A",
     volume        = "434",
     year          = "1999",
     pages         = "435",
     eprint        = "hep-ex/9902006",
     archivePrefix = "arXiv",
     doi           = "10.1016/S0168-9002(99)00498-2",
     SLACcitation  = "%%CITATION = HEP-EX/9902006;%%"
}

@article{Alves:2011wf,
     author        = "Alves, Daniele and others",
     title         = "{Simplified Models for {LHC} New Physics Searches}",
     journal       = "J. Phys. G",
     volume        = "39",
     pages         = "105005",
     doi           = "10.1088/0954-3899/39/10/105005",
     year          = "2012",
     eprint        = "1105.2838",
     archivePrefix = "arXiv",
     primaryClass  = "hep-ph",
     reportNumber  = "SLAC-PUB-15045, FERMILAB-PUB-11-842-A-PPD",
     SLACcitation  = "%%CITATION = ARXIV:1105.2838;%%",
}

@article{Essig:2011qg,
     author        = "Essig, Rouven and Izaguirre, Eder and Kaplan, Jared and Wacker, Jay G.",
     title         = "{Heavy Flavor Simplified Models at the LHC}",
     journal       = "JHEP",
     volume        = "01",
     pages         = "074",
     doi           = "10.1007/JHEP01(2012)074",
     year          = "2012",
     eprint        = "1110.6443v1",
     archivePrefix = "arXiv",
     primaryClass  = "hep-ph",
     reportNumber  = "YITP-SB-11-34, SLAC-PUB-14658",
     SLACcitation  = "%%CITATION = ARXIV:1110.6443;%%",
}

@article{Chatrchyan:2013sza,
     author        = "Chatrchyan, Serguei and others",
     title         = "{Interpretation of Searches for Supersymmetry with Simplified Models}",
     collaboration = "CMS",
     journal       = "Phys. Rev. D",
     volume        = "88",
     pages         = "052017",
     doi           = "10.1103/PhysRevD.88.052017",
     year          = "2013",
     eprint        = "1301.2175v2",
     archivePrefix = "arXiv",
     primaryClass  = "hep-ex",
     reportNumber  = "CMS-SUS-11-016, CERN-PH-EP-2012-351",
     SLACcitation  = "%%CITATION = ARXIV:1301.2175;%%",
}

@article{Martin:1997ns,
     author        = "Martin, Stephen P.",
     title         = "{A Supersymmetry primer}",
     journal       = "Adv. Ser. Direct. High Energy Phys.",
     volume        = "21",
     pages         = "1",
     doi           = "10.1142/9789814307505_0001",
     year          = "2010",
     eprint        = "hep-ph/9709356v6",
     archivePrefix = "arXiv",
     primaryClass  = "hep-ph",
     SLACcitation  = "%%CITATION = HEP-PH/9709356;%%",
}

@article{CMS-PAS-PFT-10-001,
     author        = "{CMS Collaboration}",
     title         = "{Commissioning of the Particle-flow Event Reconstruction with the first LHC collisions recorded in the CMS detector}",
     collaboration = "CMS",
     journal       = "CMS Physics Analysis Summary",
     url           = "http://cds.cern.ch/record/1247373",
     volume        = "CMS-PAS-PFT-10-001",
     year          = "2010",
     reportNumber  = "CMS-PAS-PFT-10-001",
}

@article{CMS-PAS-EGM-10-004,
     author        = "{CMS Collaboration}",
     title         = "{Electron Reconstruction and Identification at $\sqrt{s} = 7\TeV$}",
     collaboration = "CMS",
     journal       = "CMS Physics Analysis Summary",
     url           = "http://cdsweb.cern.ch/record/1299116",
     volume        = "CMS-PAS-EGM-10-004",
     year          = "2010",
     reportNumber  = "CMS-PAS-EGM-10-004",
}

@article{Chatrchyan:2013dga,
     author        = "Chatrchyan, Serguei and others",
     title         = "{Energy Calibration and Resolution of the CMS Electromagnetic Calorimeter in $\Pp \Pp$ Collisions at $\sqrt{s} = 7\TeV$}",
     collaboration = "CMS",
     journal       = "JINST",
     volume        = "8",
     pages         = "P09009",
     doi           = "10.1088/1748-0221/8/09/P09009",
     year          = "2013",
     eprint        = "1306.2016v2",
     archivePrefix = "arXiv",
     primaryClass  = "hep-ex",
     reportNumber  = "CMS-EGM-11-001, CERN-PH-EP-2013-097",
     SLACcitation  = "%%CITATION = ARXIV:1306.2016;%%",
}

@article{CMS-PAS-EGM-10-005,
     author        = "{CMS Collaboration}",
     title         = "{Photon reconstruction and identification at $\sqrt{s} = 7\TeV$}",
     collaboration = "CMS",
     journal       = "CMS Physics Analysis Summary",
     url           = "http://cds.cern.ch/record/1279143",
     volume        = "CMS-PAS-EGM-10-005",
     year          = "2010",
     reportNumber  = "CMS-PAS-EGM-10-005",
}

@article{1748-0221-7-01-P01001,
     author        = "CMS Collaboration",
     title         = "{Performance of $\tau$-lepton reconstruction and identification in CMS}",
     collaboration = "CMS",
     journal       = "JINST",
     volume        = "7",
     pages         = "P01001",
     doi           = "10.1088/1748-0221/7/01/P01001",
     url           = "http://stacks.iop.org/1748-0221/7/i=01/a=P01001",
     year          = "2012",
     eprint        = "1109.6034v1",
     archivePrefix = "arXiv",
     primaryClass  = "hep-ex",
     SLACcitation  = "%%CITATION = ARXIV:1109.6034;%%",
}

@article{CMS-PAS-PFT-09-001,
     author        = "CMS Collaboration",
     title         = "{Particle-Flow Event Reconstruction in CMS and Performance for Jets, Taus, and MET}",
     collaboration = "CMS",
     journal       = "CMS Physics Analysis Summary",
     url           = "http://cds.cern.ch/record/1194487",
     volume        = "CMS-PAS-PFT-09-001",
     year          = "2009",
     reportNumber  = "CMS-PAS-PFT-09-001",
}

@article{Chatrchyan:2012jua,
     author        = "Chatrchyan, Serguei and others",
     title         = "{Identification of $\cPqb$-quark jets with the CMS experiment}",
     collaboration = "CMS",
     journal       = "JINST",
     volume        = "8",
     pages         = "P04013",
     doi           = "10.1088/1748-0221/8/04/P04013",
     year          = "2013",
     eprint        = "1211.4462v2",
     archivePrefix = "arXiv",
     primaryClass  = "hep-ex",
     reportNumber  = "CMS-BTV-12-001, CERN-PH-EP-2012-262",
     SLACcitation  = "%%CITATION = ARXIV:1211.4462;%%"
}

@article{Waltenberger:2008zz,
     author        = "Waltenberger, Wolfgang",
     title         = "{Adaptive vertex reconstruction}",
     year          = "2008",
     journal       = "CERN-CMS-NOTE-2008-033",
     url           = "http://inspirehep.net/record/809758/files/NOTE2008_033.pdf",
     reportNumber  = "CERN-CMS-NOTE-2008-033",
     SLACcitation  = "%%CITATION = CERN-CMS-NOTE-2008-033 ETC.;%%",
}

@techreport{CMS-PAS-PFT-10-002,
     title         = "{Commissioning of the Particle-Flow reconstruction in Minimum-Bias and Jet Events from $\Pp \Pp$ Collisions at $7\TeV$}",
     author        = "CMS",
     institution   = "CERN",
     collaboration = "CMS",
     url           = "http://cds.cern.ch/record/1279341",
     address       = "Geneva",
     number        = "CMS-PAS-PFT-10-002",
     year          = "2010",
}

@article{CMS:2010jua,
     key           = "925297",
     title         = "{Missing Transverse Energy Performance in Minimum-Bias and Jet Events from Proton-Proton Collisions at $\sqrt{s} = 7\TeV$}",
     collaboration = "CMS",
     url           = "http://cds.cern.ch/record/1279142",
     year          = "2010",
     reportNumber  = "CMS-PAS-JME-10-004",
     SLACcitation  = "%%CITATION = CMS-PAS-JME-10-004 ETC.;%%",
}

@article{CMS:2010cta,
     key           = "925264",
     title         = "{CMS $\MET$ Performance in Events Containing Electroweak Bosons from $\Pp \Pp$ Collisions at $\sqrt{s} = 7\TeV$}",
     collaboration = "CMS",
     url           = "http://cds.cern.ch/record/1294501",
     year          = "2010",
     reportNumber  = "CMS-PAS-JME-10-005",
     SLACcitation  = "%%CITATION = CMS-PAS-JME-10-005 ETC.;%%",
}

@article{CMS:2013gfa,
     author        = "CMS Collaboration",
     title         = "{CMS Luminosity Based on Pixel Cluster Counting - Summer 2013 Update}",
     institution   = "CERN",
     collaboration = "CMS",
     address       = "Geneva",
     journal       = "CMS-PAS-LUM-13-001",
     year          = "2013",
}

@article{PhysRevD.86.010001,
     author        = "Beringer, J. and others",
     title         = "{Review of Particle Physics}",
     collaboration = "Particle Data Group",
     journal       = "Phys. Rev. D",
     volume        = "86",
     pages         = "010001",
     numpages      = "1528",
     year          = "2012",
     publisher     = "American Physical Society",
     doi           = "10.1103/PhysRevD.86.010001",
     url           = "http://link.aps.org/doi/10.1103/PhysRevD.86.010001"
}

@article{Campbell:2010ff,
     author        = "Campbell, John M. and Ellis, R.K.",
     title         = "{MCFM for the Tevatron and the LHC}",
     journal       = "Nucl. Phys. Proc. Suppl.",
     volume        = "205",
     pages         = "10",
     doi           = "10.1016/j.nuclphysbps.2010.08.011",
     year          = "2010",
     eprint        = "1007.3492v1",
     archivePrefix = "arXiv",
     primaryClass  = "hep-ph",
     reportNumber  = "FERMILAB-CONF-10-244-T",
     SLACcitation  = "%%CITATION = ARXIV:1007.3492;%%",
}

@article{Frixione:2002ik,
     author        = "Frixione, Stefano and Webber, Bryan R.",
     title         = "{Matching NLO QCD computations and parton shower simulations}",
     journal       = "JHEP",
     volume        = "06",
     pages         = "029",
     doi           = "10.1088/1126-6708/2002/06/029",
     year          = "2002",
     eprint        = "hep-ph/0204244v2",
     archivePrefix = "arXiv",
     primaryClass  = "hep-ph",
     reportNumber  = "CAVENDISH-HEP-02-01, LAPTH-905-02, GEF-TH-2-2002",
     SLACcitation  = "%%CITATION = HEP-PH/0204244;%%",
}

@article{Frixione:2003ei,
     author        = "Frixione, Stefano and Nason, Paolo and Webber, Bryan R.",
     title         = "{Matching NLO QCD and parton showers in heavy flavor production}",
     journal       = "JHEP",
     volume        = "08",
     pages         = "007",
     doi           = "10.1088/1126-6708/2003/08/007",
     year          = "2003",
     eprint        = "hep-ph/0305252v2",
     archivePrefix = "arXiv",
     primaryClass  = "hep-ph",
     reportNumber  = "BICOCCA-FT-03-11, CAVENDISH-HEP-03-03, CERN-TH-2003-102, GEF-TH-5-2003",
     SLACcitation  = "%%CITATION = HEP-PH/0305252;%%",
}

@techreport{ATLAS:2011tau,
     author        = "ATLAS and CMS collaboration",
     title         = "{Procedure for the LHC Higgs boson search combination in summer 2011}",
     collaboration = "ATLAS and CMS",
     institution   = "CERN",
     year          = "2011",
     url           = "http://cds.cern.ch/record/1375842",
     reportNumber  = "ATL-PHYS-PUB-2011-011, ATL-COM-PHYS-2011-818, CMS-NOTE-2011-005",
     SLACcitation  = "%%CITATION = ATL-PHYS-PUB-2011-011 ETC.;%%",
}